@book{sagan_1993, 
    place = "New York", 
    title = "Brocas brain: reflections on the romance of science", 
    publisher = "Presidio Press", 
    author = "Sagan, Carl", 
    year = 1993
}

@article{ghia_1982,
    author = "U. Ghia and K. N. Ghia and C. T. Shin",
    title = "High-Re Solutions for Incompressible Flow Using the Navier-Stokes Equations and a Multigrid Method",
    journal = "Journal of Computational Physics",
    volume = "48",
    pages = "387-411",
    year = 1982
}

% This reference is visible in the Bibliography, but not in the text above it. To see how this is done, have a look at the code for the 'Introduction'-section
@online{imt_software_wiki,
    author = "NTNU, Department of Marine Technology", 
    title = "IMT Software Wiki - LaTeX", 
    url = "https://www.ntnu.no/wiki/display/imtsoftware/LaTeX", 
    urldate = "2020-09-15"      % This is the date we entered the page
}

@online{scrum_guide,
    author = "Schwaber, Ken and Sutherland, Jeff", 
    title = "The 2020 Scrum Guide^{TM}", 
    url = "https://scrumguides.org/scrum-guide.html", 
    urldate = "2025-01-17"      % This is the date we entered the page
}

@online{3-2-1_data_storage,
    author = "Seagate",
    title = "What is a 3-2-1 Backup Strategy?",
    url = "https://www.seagate.com/gb/en/blog/what-is-a-3-2-1-backup-strategy/",
    urldate = "2025-01-27"
}

@online{skogkurs_nor,
    author = "Skogkurs", 
    title = "Om Skogkurs", 
    url = "https://skogkurs.no/om-skogkurs/", 
    urldate = "2025-01-20"      % This is the date we entered the page
}

@online{skogkurs_eng,
    author = "Skogkurs", 
    title = "Forestry Extension Institute", 
    url = "https://skogkurs.no/english/", 
    urldate = "2025-01-21"      % This is the date we entered the page
}

@online{ntnu_idatg2900,
    author = "NTNU", 
    title = "IDATG2900 - Bachelor Thesis", 
    url = "https://www.ntnu.edu/studies/courses/IDATG2900", 
    urldate = "2025-01-23"      % This is the date we entered the page
}

@online{google_go_style,
    author = "Google", 
    title = "Go Style", 
    url = "https://google.github.io/styleguide/go/", 
    urldate = "2025-01-24"      % This is the date we entered the page
}

@online{commit_standard,
    author = "Conventional Commits", 
    title = "Conventional Commits", 
    url = "https://www.conventionalcommits.org/en/v1.0.0/", 
    urldate = "2025-01-28"      % This is the date we entered the page
}